<?xml version="1.0" encoding="UTF-8"?><collection xmlns="http://www.loc.gov/MARC21/slim"><record><leader>00463nam--2200181-i-4500</leader><controlfield tag="001">000025042</controlfield><controlfield tag="002">20161230</controlfield><controlfield tag="005">20161230201035</controlfield><controlfield tag="008">060222s1000------------r-----000-0-eng-d</controlfield><datafield ind1=" " ind2=" " tag="020"><subfield code="a">01223560500</subfield></datafield><datafield ind1=" " ind2=" " tag="040"><subfield code="a">IFIN-HH</subfield></datafield><datafield ind1=" " ind2=" " tag="080"><subfield code="a">539.14(021.5)</subfield></datafield><datafield ind1="1" ind2=" " tag="100"><subfield code="a">Hornyak, William F</subfield></datafield><datafield ind1="1" ind2="0" tag="245"><subfield code="a">Nuclear structure</subfield><subfield code="c">William f. hornyak</subfield></datafield><datafield ind1=" " ind2=" " tag="260"><subfield code="a">New-york</subfield><subfield code="b">Academic Press</subfield><subfield code="c">1975</subfield></datafield><datafield ind1=" " ind2=" " tag="300"><subfield code="a">VIII + 605P</subfield></datafield><datafield ind1=" " ind2=" " tag="852"><subfield code="a">43071</subfield><subfield code="c">539.14</subfield></datafield><datafield ind1=" " ind2=" " tag="CAT"><subfield code="a">Sys</subfield><subfield code="c">20120330</subfield><subfield code="h">133713</subfield></datafield></record></collection>